<record><leader>00000cas a22000007a 4500</leader><controlfield tag="001">9845025</controlfield><controlfield tag="007">hd afb---baca</controlfield><controlfield tag="007">hd bfb---baba</controlfield><controlfield tag="008">830825d19691974wauwr nea     0    0eng d</controlfield><datafield ind1=" " ind2=" " tag="010"><subfield code="a">  2002252136</subfield></datafield><datafield ind1=" " ind2=" " tag="040"><subfield code="a">WAU</subfield><subfield code="b">eng</subfield><subfield code="c">WAU</subfield><subfield code="d">OCL</subfield><subfield code="d">WAU</subfield><subfield code="d">OCLCQ</subfield><subfield code="d">OCLCF</subfield><subfield code="d">OCLCO</subfield><subfield code="d">OCLCQ</subfield><subfield code="d">OCLCA</subfield></datafield><datafield ind1=" " ind2=" " tag="042"><subfield code="a">msc</subfield></datafield><datafield ind1=" " ind2=" " tag="043"><subfield code="a">n-us-wa</subfield></datafield><datafield ind1="0" ind2=" " tag="130"><subfield code="a">Outlook (Seattle, Wash. : Wallingford-University ed.)</subfield></datafield><datafield ind1="1" ind2="0" tag="245"><subfield code="a">Outlook.</subfield></datafield><datafield ind1=" " ind2=" " tag="250"><subfield code="a">Wallingford-University ed.</subfield></datafield><datafield ind1=" " ind2=" " tag="260"><subfield code="a">Seattle, Wash. :</subfield><subfield code="b">S. Stapp,</subfield><subfield code="c">-1974.</subfield></datafield><datafield ind1=" " ind2=" " tag="300"><subfield code="a">volumes :</subfield><subfield code="b">illustrations</subfield></datafield><datafield ind1=" " ind2=" " tag="310"><subfield code="a">Weekly</subfield></datafield><datafield ind1=" " ind2=" " tag="336"><subfield code="a">text</subfield><subfield code="b">txt</subfield><subfield code="2">rdacontent</subfield></datafield><datafield ind1=" " ind2=" " tag="337"><subfield code="a">microform</subfield><subfield code="b">h</subfield><subfield code="2">rdamedia</subfield></datafield><datafield ind1=" " ind2=" " tag="338"><subfield code="a">microfilm reel</subfield><subfield code="b">hd</subfield><subfield code="2">rdacarrier</subfield></datafield><datafield ind1="0" ind2=" " tag="362"><subfield code="a">-Feb. 27, 1974.</subfield></datafield><datafield ind1="1" ind2=" " tag="362"><subfield code="a">Began in 1969.</subfield></datafield><datafield ind1=" " ind2=" " tag="500"><subfield code="a">Name of ed. varies slightly: University-Wallingford edition.</subfield></datafield><datafield ind1=" " ind2=" " tag="580"><subfield code="a">Merger of parts of: North Central outlook, and: Greenwood-Aurora outlook.</subfield></datafield><datafield ind1=" " ind2=" " tag="580"><subfield code="a">Absorbed in part by: Today in Ballard, Loyal Heights, North Beach, Blue Ridge and Greenwood; Today in Northgate, Greenwood, Broadview, Green Lake, and Crown Hill; and: Today in University, Ravenna, View Ridge, Sand Point, Montlake, North Broadway and Madison Park.</subfield></datafield><datafield ind1=" " ind2=" " tag="588"><subfield code="a">Description based on: July 24, 1969.</subfield></datafield><datafield ind1=" " ind2=" " tag="533"><subfield code="a">Microfilm.</subfield><subfield code="b">Seattle, Wash. :</subfield><subfield code="c">University of Washington,</subfield><subfield code="d">1983.</subfield><subfield code="e">6 microfilm reels ; 35 mm.</subfield><subfield code="n">Missing issues.</subfield></datafield><datafield ind1=" " ind2="0" tag="651"><subfield code="a">Wallingford (Seattle, Wash.)</subfield><subfield code="v">Newspapers.</subfield></datafield><datafield ind1=" " ind2="0" tag="651"><subfield code="a">University District (Seattle, Wash.)</subfield><subfield code="v">Newspapers.</subfield></datafield><datafield ind1=" " ind2="0" tag="651"><subfield code="a">Seattle (Wash.)</subfield><subfield code="v">Newspapers.</subfield></datafield><datafield ind1=" " ind2="7" tag="651"><subfield code="a">Washington (State)</subfield><subfield code="z">Seattle.</subfield><subfield code="2">fast</subfield><subfield code="0">(OCoLC)fst01204940</subfield></datafield><datafield ind1=" " ind2="7" tag="651"><subfield code="a">Washington (State)</subfield><subfield code="z">Seattle</subfield><subfield code="z">University District.</subfield><subfield code="2">fast</subfield><subfield code="0">(OCoLC)fst01317274</subfield></datafield><datafield ind1=" " ind2="7" tag="651"><subfield code="a">Washington (State)</subfield><subfield code="z">Seattle</subfield><subfield code="z">Wallingford.</subfield><subfield code="2">fast</subfield><subfield code="0">(OCoLC)fst01322013</subfield></datafield><datafield ind1=" " ind2="7" tag="655"><subfield code="a">Newspapers.</subfield><subfield code="2">fast</subfield><subfield code="0">(OCoLC)fst01423814</subfield></datafield><datafield ind1="1" ind2=" " tag="700"><subfield code="a">Stapp, Stanley G.</subfield></datafield><datafield ind1=" " ind2=" " tag="752"><subfield code="a">United States</subfield><subfield code="b">Washington</subfield><subfield code="c">King</subfield><subfield code="d">Seattle.</subfield></datafield><datafield ind1="1" ind2="4" tag="780"><subfield code="t">North Central outlook</subfield><subfield code="w">(DLC)  2002252135</subfield><subfield code="w">(OCoLC)49235901</subfield></datafield><datafield ind1="1" ind2="4" tag="780"><subfield code="t">Greenwood-Aurora outlook</subfield><subfield code="w">(DLC)  2002252110</subfield><subfield code="w">(OCoLC)49235806</subfield></datafield><datafield ind1="1" ind2="5" tag="785"><subfield code="t">Today in Ballard, Loyal Heights, North Beach, Blue Ridge and Greenwood</subfield><subfield code="w">(DLC)  2002252143</subfield><subfield code="w">(OCoLC)49224557</subfield></datafield><datafield ind1="1" ind2="5" tag="785"><subfield code="t">Today in Northgate, Greenwood, Broadview, Green Lake, and Crown Hill</subfield><subfield code="w">(DLC)  2002252111</subfield><subfield code="w">(OCoLC)49235746</subfield></datafield><datafield ind1="1" ind2="5" tag="785"><subfield code="t">Today in University, Ravenna, View Ridge, Sand Point, Montlake, North Broadway and Madison Park</subfield><subfield code="w">(DLC)  2002252123</subfield><subfield code="w">(OCoLC)5621056</subfield></datafield><datafield ind1="1" ind2=" " tag="029"><subfield code="a">AU@</subfield><subfield code="b">000023395605</subfield></datafield></record>